@article{internet,
	title={An exploratory investigation of the antecedents and impact of internet usage: an individual perspective},
	author={Anandarajan, M. and Simmers, C. and Igbaria, M.},
	journal={In Proceedings of the Thirty-First Hawaii International Conference},
	year={1998},
	volume={4},
	pages={22-30}
}

@article{internet2,
	title={Internet usage for information provisioning: theoretical construct development and empirical validation in the clinical decision-making context},
	author={Ambrose, P.J. and Rai, Arun and Ramaprasad, Arkalgud},
	journal={Engineering Management, IEEE Transactions},
	year={2006},
	volume={53},
	pages={112-129}
}

@article{tweetsperday,
	title={Twitter Has 100 Million Monthly Active Users; 50\% Log In Everyday},
	author={Parr,Ben},
	journal={http://mashable.com/2011/10/17/twitter-costolo-stats/}
}

@article{federal_election,
	title={Predicting Elections with Twitter: What 140 Characters Reveal about Political Sentiment},
	author={Tumasjan, Andranik and Sprenger, Timm O. and Sandner, Philipp G. and Welpe, Isabell M. },
	journal={In Proceedings of AAAI Conference on Weblogs and Social Media (ICWSM)},
	year={2010}
}

@article{MIBbayesian,
	title={Proactive Network Fault Detection},
	author={Hood, C.S. and Ji, C.},
	journal={IEEE Tran. Reliability},
	volume={46},
	pages={333-341},
	year={1997}
}